% Encoding: ISO-8859-1

@TechReport{whitepaper,
  title       = {International Energy Agency, World Energy Outlook 2015. White Paper, IEA,},
  year        = {2015},
}

@TechReport{article,
  author = {D. Larcher and J.M. Tarascon},
  title  = {Towards greener and more sustainable batteries for electrical energy storage, Nature Chemistry, vol. 7, no. 1, pp. 19 to 9. View at Publisher · View at Google Scholar · View at Scopus},
  year   = {2015},
}

@Comment{jabref-meta: databaseType:biblatex;}
